@inproceedings{li2023clip,
  title={CLIP-ReID: exploiting vision-language model for image re-identification without concrete text labels},
  author={Li, Siyuan and Sun, Li and Li, Qingli},
  booktitle={Proceedings of the AAAI Conference on Artificial Intelligence},
  volume={37},
  number={1},
  pages={1405--1413},
  year={2023}
}

@article{ye2021deep,
  title={Deep learning for person re-identification: A survey and outlook},
  author={Ye, Mang and Shen, Jianbing and Lin, Gaojie and Xiang, Tao and Shao, Ling and Hoi, Steven CH},
  journal={IEEE transactions on pattern analysis and machine intelligence},
  volume={44},
  number={6},
  pages={2872--2893},
  year={2021},
  publisher={IEEE}
}

@inproceedings{hirzer2011person,
  title={Person re-identification by descriptive and discriminative classification},
  author={Hirzer, Martin and Beleznai, Csaba and Roth, Peter M and Bischof, Horst},
  booktitle={Image Analysis: 17th Scandinavian Conference, SCIA 2011, Ystad, Sweden, May 2011. Proceedings 17},
  pages={91--102},
  year={2011},
  organization={Springer}
}

@inproceedings{zheng2015scalable,
  title={Scalable person re-identification: A benchmark},
  author={Zheng, Liang and Shen, Liyue and Tian, Lu and Wang, Shengjin and Wang, Jingdong and Tian, Qi},
  booktitle={Proceedings of the IEEE international conference on computer vision},
  pages={1116--1124},
  year={2015}
}

@inproceedings{gray2008viewpoint,
  title={Viewpoint invariant pedestrian recognition with an ensemble of localized features},
  author={Gray, Douglas and Tao, Hai},
  booktitle={Computer Vision--ECCV 2008: 10th European Conference on Computer Vision, Marseille, France, October 12-18, 2008, Proceedings, Part I 10},
  pages={262--275},
  year={2008},
  organization={Springer}
}

@inproceedings{wang2016joint,
  title={Joint learning of single-image and cross-image representations for person re-identification},
  author={Wang, Faqiang and Zuo, Wangmeng and Lin, Liang and Zhang, David and Zhang, Lei},
  booktitle={Proceedings of the IEEE conference on computer vision and pattern recognition},
  pages={1288--1296},
  year={2016}
}

@inproceedings{suh2018part,
  title={Part-aligned bilinear representations for person re-identification},
  author={Suh, Yumin and Wang, Jingdong and Tang, Siyu and Mei, Tao and Lee, Kyoung Mu},
  booktitle={Proceedings of the European conference on computer vision (ECCV)},
  pages={402--419},
  year={2018}
}

@inproceedings{su2018beyond,
  title={Beyond part models: Person retrieval with refined part pooling},
  author={Su, Yifan and Zheng, Liang and Yang, Yi and Tian, Qi and Wang, Shengjin},
  booktitle={Eur. Conf. Comput. Vis},
  pages={480--496},
  year={2018}
}

@article{lin2019improving,
  title={Improving person re-identification by attribute and identity learning},
  author={Lin, Yutian and Zheng, Liang and Zheng, Zhedong and Wu, Yu and Hu, Zhilan and Yan, Chenggang and Yang, Yi},
  journal={Pattern recognition},
  volume={95},
  pages={151--161},
  year={2019},
  publisher={Elsevier}
}

@inproceedings{liu2019view,
  title={View confusion feature learning for person re-identification},
  author={Liu, Fangyi and Zhang, Lei},
  booktitle={Proceedings of the IEEE/CVF international conference on computer vision},
  pages={6639--6648},
  year={2019}
}

@inproceedings{lin2017consistent,
  title={Consistent-aware deep learning for person re-identification in a camera network},
  author={Lin, Ji and Ren, Liangliang and Lu, Jiwen and Feng, Jianjiang and Zhou, Jie},
  booktitle={Proceedings of the IEEE conference on computer vision and pattern recognition},
  pages={5771--5780},
  year={2017}
}

@inproceedings{zheng2017unlabeled,
  title={Unlabeled samples generated by gan improve the person re-identification baseline in vitro},
  author={Zheng, Zhedong and Zheng, Liang and Yang, Yi},
  booktitle={Proceedings of the IEEE international conference on computer vision},
  pages={3754--3762},
  year={2017}
}

@inproceedings{mclaughlin2016recurrent,
  title={Recurrent convolutional network for video-based person re-identification},
  author={McLaughlin, Niall and Del Rincon, Jesus Martinez and Miller, Paul},
  booktitle={Proceedings of the IEEE conference on computer vision and pattern recognition},
  pages={1325--1334},
  year={2016}
}

@inproceedings{wen2016discriminative,
  title={A discriminative feature learning approach for deep face recognition},
  author={Wen, Yandong and Zhang, Kaipeng and Li, Zhifeng and Qiao, Yu},
  booktitle={Computer vision--ECCV 2016: 14th European conference, amsterdam, the netherlands, October 11--14, 2016, proceedings, part VII 14},
  pages={499--515},
  year={2016},
  organization={Springer}
}

@inproceedings{hadsell2006dimensionality,
  title={Dimensionality reduction by learning an invariant mapping},
  author={Hadsell, Raia and Chopra, Sumit and LeCun, Yann},
  booktitle={2006 IEEE computer society conference on computer vision and pattern recognition (CVPR'06)},
  volume={2},
  pages={1735--1742},
  year={2006},
  organization={IEEE}
}

@inproceedings{li2014deepreid,
  title={Deepreid: Deep filter pairing neural network for person re-identification},
  author={Li, Wei and Zhao, Rui and Xiao, Tong and Wang, Xiaogang},
  booktitle={Proceedings of the IEEE conference on computer vision and pattern recognition},
  pages={152--159},
  year={2014}
}

@inproceedings{schroff2015facenet,
  title={Facenet: A unified embedding for face recognition and clustering},
  author={Schroff, Florian and Kalenichenko, Dmitry and Philbin, James},
  booktitle={Proceedings of the IEEE conference on computer vision and pattern recognition},
  pages={815--823},
  year={2015}
}

@inproceedings{liu2017sphereface,
  title={Sphereface: Deep hypersphere embedding for face recognition},
  author={Liu, Weiyang and Wen, Yandong and Yu, Zhiding and Li, Ming and Raj, Bhiksha and Song, Le},
  booktitle={Proceedings of the IEEE conference on computer vision and pattern recognition},
  pages={212--220},
  year={2017}
}

@inproceedings{wang2018cosface,
  title={Cosface: Large margin cosine loss for deep face recognition},
  author={Wang, Hao and Wang, Yitong and Zhou, Zheng and Ji, Xing and Gong, Dihong and Zhou, Jingchao and Li, Zhifeng and Liu, Wei},
  booktitle={Proceedings of the IEEE conference on computer vision and pattern recognition},
  pages={5265--5274},
  year={2018}
}

@inproceedings{deng2019arcface,
  title={Arcface: Additive angular margin loss for deep face recognition},
  author={Deng, Jiankang and Guo, Jia and Xue, Niannan and Zafeiriou, Stefanos},
  booktitle={Proceedings of the IEEE/CVF conference on computer vision and pattern recognition},
  pages={4690--4699},
  year={2019}
}

@inproceedings{zeng2020hierarchical,
  title={Hierarchical clustering with hard-batch triplet loss for person re-identification},
  author={Zeng, Kaiwei and Ning, Munan and Wang, Yaohua and Guo, Yang},
  booktitle={Proceedings of the IEEE/CVF conference on computer vision and pattern recognition},
  pages={13657--13665},
  year={2020}
}

@inproceedings{zhong2017re,
  title={Re-ranking person re-identification with k-reciprocal encoding},
  author={Zhong, Zhun and Zheng, Liang and Cao, Donglin and Li, Shaozi},
  booktitle={Proceedings of the IEEE conference on computer vision and pattern recognition},
  pages={1318--1327},
  year={2017}
}

@article{ye2016person,
  title={Person reidentification via ranking aggregation of similarity pulling and dissimilarity pushing},
  author={Ye, Mang and Liang, Chao and Yu, Yi and Wang, Zheng and Leng, Qingming and Xiao, Chunxia and Chen, Jun and Hu, Ruimin},
  journal={IEEE Transactions on Multimedia},
  volume={18},
  number={12},
  pages={2553--2566},
  year={2016},
  publisher={IEEE}
}

@inproceedings{fu2021unsupervised,
  title={Unsupervised pre-training for person re-identification},
  author={Fu, Dengpan and Chen, Dongdong and Bao, Jianmin and Yang, Hao and Yuan, Lu and Zhang, Lei and Li, Houqiang and Chen, Dong},
  booktitle={Proceedings of the IEEE/CVF conference on computer vision and pattern recognition},
  pages={14750--14759},
  year={2021}
}

@inproceedings{he2020momentum,
  title={Momentum contrast for unsupervised visual representation learning},
  author={He, Kaiming and Fan, Haoqi and Wu, Yuxin and Xie, Saining and Girshick, Ross},
  booktitle={Proceedings of the IEEE/CVF conference on computer vision and pattern recognition},
  pages={9729--9738},
  year={2020}
}

@inproceedings{he2021dense,
  title={Dense interaction learning for video-based person re-identification},
  author={He, Tianyu and Jin, Xin and Shen, Xu and Huang, Jianqiang and Chen, Zhibo and Hua, Xian-Sheng},
  booktitle={Proceedings of the IEEE/CVF International Conference on Computer Vision},
  pages={1490--1501},
  year={2021}
}

@inproceedings{haque2016recurrent,
  title={Recurrent attention models for depth-based person identification},
  author={Haque, Albert and Alahi, Alexandre and Fei-Fei, Li},
  booktitle={Proceedings of the IEEE conference on computer vision and pattern recognition},
  pages={1229--1238},
  year={2016}
}

@inproceedings{wu2017rgb,
  title={RGB-infrared cross-modality person re-identification},
  author={Wu, Ancong and Zheng, Wei-Shi and Yu, Hong-Xing and Gong, Shaogang and Lai, Jianhuang},
  booktitle={Proceedings of the IEEE international conference on computer vision},
  pages={5380--5389},
  year={2017}
}

@inproceedings{li2019recover,
  title={Recover and identify: A generative dual model for cross-resolution person re-identification},
  author={Li, Yu-Jhe and Chen, Yun-Chun and Lin, Yen-Yu and Du, Xiaofei and Wang, Yu-Chiang Frank},
  booktitle={Proceedings of the IEEE/CVF international conference on computer vision},
  pages={8090--8099},
  year={2019}
}

@inproceedings{munjal2019query,
  title={Query-guided end-to-end person search},
  author={Munjal, Bharti and Amin, Sikandar and Tombari, Federico and Galasso, Fabio},
  booktitle={Proceedings of the IEEE/CVF Conference on Computer Vision and Pattern Recognition},
  pages={811--820},
  year={2019}
}

@inproceedings{ristani2018features,
  title={Features for multi-target multi-camera tracking and re-identification},
  author={Ristani, Ergys and Tomasi, Carlo},
  booktitle={Proceedings of the IEEE conference on computer vision and pattern recognition},
  pages={6036--6046},
  year={2018}
}

@inproceedings{bak2017one,
  title={One-shot metric learning for person re-identification},
  author={Bak, Slawomir and Carr, Peter},
  booktitle={Proceedings of the IEEE conference on computer vision and pattern recognition},
  pages={2990--2999},
  year={2017}
}

@inproceedings{zheng2015partial,
  title={Partial person re-identification},
  author={Zheng, Wei-Shi and Li, Xiang and Xiang, Tao and Liao, Shengcai and Lai, Jianhuang and Gong, Shaogang},
  booktitle={Proceedings of the IEEE international conference on computer vision},
  pages={4678--4686},
  year={2015}
}

@inproceedings{zhao2017spindle,
  title={Spindle net: Person re-identification with human body region guided feature decomposition and fusion},
  author={Zhao, Haiyu and Tian, Maoqing and Sun, Shuyang and Shao, Jing and Yan, Junjie and Yi, Shuai and Wang, Xiaogang and Tang, Xiaoou},
  booktitle={Proceedings of the IEEE conference on computer vision and pattern recognition},
  pages={1077--1085},
  year={2017}
}

@inproceedings{huang2019dot,
  title={DoT-GNN: Domain-transferred graph neural network for group re-identification},
  author={Huang, Ziling and Wang, Zheng and Hu, Wei and Lin, Chia-Wen and Satoh, Shin'ichi},
  booktitle={Proceedings of the 27th ACM International Conference on Multimedia},
  pages={1888--1896},
  year={2019}
}

@inproceedings{martinel2016temporal,
  title={Temporal model adaptation for person re-identification},
  author={Martinel, Niki and Das, Abir and Micheloni, Christian and Roy-Chowdhury, Amit K},
  booktitle={Computer Vision--ECCV 2016: 14th European Conference, Amsterdam, The Netherlands, October 11--14, 2016, Proceedings, Part IV 14},
  pages={858--877},
  year={2016},
  organization={Springer}
}

@inproceedings{radford2021learning,
  title={Learning transferable visual models from natural language supervision},
  author={Radford, Alec and Kim, Jong Wook and Hallacy, Chris and Ramesh, Aditya and Goh, Gabriel and Agarwal, Sandhini and Sastry, Girish and Askell, Amanda and Mishkin, Pamela and Clark, Jack and others},
  booktitle={International conference on machine learning},
  pages={8748--8763},
  year={2021},
  organization={PMLR}
}

@inproceedings{khosla2011novel,
  title={Novel dataset for fine-grained image categorization: Stanford dogs},
  author={Khosla, Aditya and Jayadevaprakash, Nityananda and Yao, Bangpeng and Li, Fei-Fei},
  booktitle={Proc. CVPR workshop on fine-grained visual categorization (FGVC)},
  volume={2},
  number={1},
  year={2011},
  organization={Citeseer}
}

@article{Zou2020ThuDogs,
  title={A new dataset of dog breed images and a benchmark for fine-grained classification},
  author={Zou, Ding-Nan and Zhang, Song-Hai and Mu, Tai-Jiang and Zhang, Min},
  journal={Computational Visual Media},
  year={2020},
  url={https://doi.org/10.1007/s41095-020-0184-6}
}

@article{bera2022sr,
  title={Sr-gnn: Spatial relation-aware graph neural network for fine-grained image categorization},
  author={Bera, Asish and Wharton, Zachary and Liu, Yonghuai and Bessis, Nik and Behera, Ardhendu},
  journal={IEEE Transactions on Image Processing},
  volume={31},
  pages={6017--6031},
  year={2022},
  publisher={IEEE}
}

@article{howard2017mobilenets,
  title={Mobilenets: Efficient convolutional neural networks for mobile vision applications},
  author={Howard, Andrew G and Zhu, Menglong and Chen, Bo and Kalenichenko, Dmitry and Wang, Weijun and Weyand, Tobias and Andreetto, Marco and Adam, Hartwig},
  journal={arXiv preprint arXiv:1704.04861},
  year={2017}
}

@inproceedings{tan2019efficientnet,
  title={Efficientnet: Rethinking model scaling for convolutional neural networks},
  author={Tan, Mingxing and Le, Quoc},
  booktitle={International conference on machine learning},
  pages={6105--6114},
  year={2019},
  organization={PMLR}
}

@misc{he2015deep,
      title={Deep Residual Learning for Image Recognition}, 
      author={Kaiming He and Xiangyu Zhang and Shaoqing Ren and Jian Sun},
      year={2015},
      eprint={1512.03385},
      archivePrefix={arXiv},
      primaryClass={id='cs.CV' full_name='Computer Vision and Pattern Recognition' is_active=True alt_name=None in_archive='cs' is_general=False description='Covers image processing, computer vision, pattern recognition, and scene understanding. Roughly includes material in ACM Subject Classes I.2.10, I.4, and I.5.'}
}

@inproceedings{liu2022convnet,
  title={A convnet for the 2020s},
  author={Liu, Zhuang and Mao, Hanzi and Wu, Chao-Yuan and Feichtenhofer, Christoph and Darrell, Trevor and Xie, Saining},
  booktitle={Proceedings of the IEEE/CVF conference on computer vision and pattern recognition},
  pages={11976--11986},
  year={2022}
}

@article{dosovitskiy2020image,
  title={An image is worth 16x16 words: Transformers for image recognition at scale},
  author={Dosovitskiy, Alexey and Beyer, Lucas and Kolesnikov, Alexander and Weissenborn, Dirk and Zhai, Xiaohua and Unterthiner, Thomas and Dehghani, Mostafa and Minderer, Matthias and Heigold, Georg and Gelly, Sylvain and others},
  journal={arXiv preprint arXiv:2010.11929},
  year={2020}
}

@misc{kingma2017adam,
      title={Adam: A Method for Stochastic Optimization}, 
      author={Diederik P. Kingma and Jimmy Ba},
      year={2017},
      eprint={1412.6980},
      archivePrefix={arXiv},
      primaryClass={id='cs.LG' full_name='Machine Learning' is_active=True alt_name=None in_archive='cs' is_general=False description='Papers on all aspects of machine learning research (supervised, unsupervised, reinforcement learning, bandit problems, and so on) including also robustness, explanation, fairness, and methodology. cs.LG is also an appropriate primary category for applications of machine learning methods.'}
}

@misc{loshchilov2019decoupled,
      title={Decoupled Weight Decay Regularization}, 
      author={Ilya Loshchilov and Frank Hutter},
      year={2019},
      eprint={1711.05101},
      archivePrefix={arXiv},
      primaryClass={id='cs.LG' full_name='Machine Learning' is_active=True alt_name=None in_archive='cs' is_general=False description='Papers on all aspects of machine learning research (supervised, unsupervised, reinforcement learning, bandit problems, and so on) including also robustness, explanation, fairness, and methodology. cs.LG is also an appropriate primary category for applications of machine learning methods.'}
}

@misc{liu2021variance,
      title={On the Variance of the Adaptive Learning Rate and Beyond}, 
      author={Liyuan Liu and Haoming Jiang and Pengcheng He and Weizhu Chen and Xiaodong Liu and Jianfeng Gao and Jiawei Han},
      year={2021},
      eprint={1908.03265},
      archivePrefix={arXiv},
      primaryClass={id='cs.LG' full_name='Machine Learning' is_active=True alt_name=None in_archive='cs' is_general=False description='Papers on all aspects of machine learning research (supervised, unsupervised, reinforcement learning, bandit problems, and so on) including also robustness, explanation, fairness, and methodology. cs.LG is also an appropriate primary category for applications of machine learning methods.'}
}

@article{dozat2016incorporating,
  title={Incorporating nesterov momentum into adam},
  author={Dozat, Timothy},
  year={2016}
}

@inproceedings{lin2017focal,
  title={Focal loss for dense object detection},
  author={Lin, Tsung-Yi and Goyal, Priya and Girshick, Ross and He, Kaiming and Doll{\'a}r, Piotr},
  booktitle={Proceedings of the IEEE international conference on computer vision},
  pages={2980--2988},
  year={2017}
}

@inproceedings{kirillov2023segment,
  title={Segment anything},
  author={Kirillov, Alexander and Mintun, Eric and Ravi, Nikhila and Mao, Hanzi and Rolland, Chloe and Gustafson, Laura and Xiao, Tete and Whitehead, Spencer and Berg, Alexander C and Lo, Wan-Yen and others},
  booktitle={Proceedings of the IEEE/CVF International Conference on Computer Vision},
  pages={4015--4026},
  year={2023}
}

@article{an2023unicom,
  title={Unicom: Universal and compact representation learning for image retrieval},
  author={An, Xiang and Deng, Jiankang and Yang, Kaicheng and Li, Jaiwei and Feng, Ziyong and Guo, Jia and Yang, Jing and Liu, Tongliang},
  journal={arXiv preprint arXiv:2304.05884},
  year={2023}
}

@inproceedings{oh2016deep,
	title={Deep metric learning via lifted structured feature embedding},
	author={Oh Song, Hyun and Xiang, Yu and Jegelka, Stefanie and Savarese, Silvio},
	booktitle={Proceedings of the IEEE conference on computer vision and pattern recognition},
	pages={4004--4012},
	year={2016}
}

@article{wah2011caltech,
	title={The caltech-ucsd birds-200-2011 dataset},
	author={Wah, Catherine and Branson, Steve and Welinder, Peter and Perona, Pietro and Belongie, Serge},
	year={2011},
	publisher={California Institute of Technology}
}

@inproceedings{wei2018person,
	title={Person transfer gan to bridge domain gap for person re-identification},
	author={Wei, Longhui and Zhang, Shiliang and Gao, Wen and Tian, Qi},
	booktitle={Proceedings of the IEEE conference on computer vision and pattern recognition},
	pages={79--88},
	year={2018}
}

@article{zhou2022learning,
	title={Learning to prompt for vision-language models},
	author={Zhou, Kaiyang and Yang, Jingkang and Loy, Chen Change and Liu, Ziwei},
	journal={International Journal of Computer Vision},
	volume={130},
	number={9},
	pages={2337--2348},
	year={2022},
	publisher={Springer}
}

@article{lin2019improving,
	title={Improving Person Re-identification by Attribute and Identity Learning},
	author={Lin, Yutian and Zheng, Liang and Zheng, Zhedong and Wu, Yu and Hu, Zhilan and Yan, Chenggang and Yang, Yi},
	journal={Pattern Recognition},
	doi = {https://doi.org/10.1016/j.patcog.2019.06.006},
	year={2019}
}

@inproceedings{sun2019deep,
	title={Deep high-resolution representation learning for human pose estimation},
	author={Sun, Ke and Xiao, Bin and Liu, Dong and Wang, Jingdong},
	booktitle={Proceedings of the IEEE/CVF conference on computer vision and pattern recognition},
	pages={5693--5703},
	year={2019}
}